<record><leader>00000cas a22000007a 4500</leader><controlfield tag="001">19225616</controlfield><controlfield tag="008">890216d19uu1916pauwr ne      0    0eng d</controlfield><datafield ind1=" " ind2=" " tag="010"><subfield code="a">sn 89077067 </subfield></datafield><datafield ind1=" " ind2=" " tag="040"><subfield code="a">NPH</subfield><subfield code="b">eng</subfield><subfield code="c">NPH</subfield><subfield code="d">OCLCQ</subfield></datafield><datafield ind1=" " ind2=" " tag="042"><subfield code="a">msc</subfield></datafield><datafield ind1="0" ind2=" " tag="130"><subfield code="a">Sharon weekly telegraph (Sharon, Pa. : 1909)</subfield></datafield><datafield ind1="1" ind2="0" tag="245"><subfield code="a">Sharon weekly telegraph.</subfield></datafield><datafield ind1=" " ind2=" " tag="260"><subfield code="a">Sharon, Pa. :</subfield><subfield code="b">Addison C. Dickinson</subfield></datafield><datafield ind1=" " ind2=" " tag="300"><subfield code="a">v. :</subfield><subfield code="b">ill.</subfield></datafield><datafield ind1=" " ind2=" " tag="310"><subfield code="a">Weekly</subfield></datafield><datafield ind1="1" ind2=" " tag="362"><subfield code="a">Ceased in 1916?</subfield></datafield><datafield ind1=" " ind2=" " tag="588"><subfield code="a">Description based on: Vol. 2, no. 35 (Jan. 7, 1909).</subfield></datafield><datafield ind1=" " ind2=" " tag="752"><subfield code="a">United States</subfield><subfield code="b">Pennsylvania</subfield><subfield code="c">Mercer</subfield><subfield code="d">Sharon.</subfield></datafield><datafield ind1="0" ind2=" " tag="775"><subfield code="t">Sharon telegraph (Sharon, Pa. : Daily)</subfield><subfield code="w">(DLC)sn 89077061</subfield></datafield><datafield ind1="0" ind2="0" tag="780"><subfield code="t">Sharon telegraph (Sharon, Pa. : Weekly)</subfield><subfield code="w">(DLC)sn 89077066</subfield></datafield></record>